@inproceedings{sweet2021symphony,
  title={Symphony: A Concise Language Model for MPC},
  author={Sweet, Ian and Darais, David and Heath, David and Estes, Ryan and Harris, William and Hicks, Michael},
  booktitle={Informal Proceedings of the Workshop on Foundations on Computer Security (FCS)},
  year={2021}
}

@phdthesis{PHD:Heath22,
  author    = {David Heath},
  title     = {New Directions in Garbled Circuits},
  school    = {Georgia Institute of Technology, Atlanta, GA, {USA}},
  year      = {2022},
  url       = {http://hdl.handle.net/1853/66604},
  timestamp = {Sat, 25 Jun 2022 17:45:56 +0200},
  biburl    = {https://dblp.org/rec/phd/basesearch/Heath22.bib},
  bibsource = {dblp computer science bibliography, https://dblp.org}
}

@misc{one-hot-repo,
  author = {David Heath},
  title = {{One Hot Garbling Implementation}},
  howpublished = {\url{https://github.com/DAHeath/one-hot-garbling}},
  year={2021}
}

@misc{logstack-repo,
  author = {David Heath},
  title = {{LogStack Implementation}},
  howpublished = {\url{https://github.com/DAHeath/logstack}},
  year={2021}
}

@misc{proram-repo,
  author = {David Heath},
  title = {{PrORAM Implementation}},
  howpublished = {\url{https://github.com/DAHeath/proram}},
  year={2021}
}

@inproceedings{face,
  title={Data Flow Oriented Software Design in a FACE Architecture},
  author={David Heath and Trevor Stittleburg},
  year={2015}
}

@INPROCEEDINGS{YHKD22,
  title={EZEE: Epoch Parallel Zero Knowledge for ANSI C},
  author={Yibin Yang and David Heath and Vladimir Kolesnikov and David Devecsery},
  booktitle = {EuroSP 2022},
  month = {June},
  year = {2022},
}

@article{zhou_heath_harris_2019,
  title={Relational Verification via Invariant-Guided Synchronization},
  volume={296},
  DOI={10.4204/eptcs.296.6},
  journal={Electronic Proceedings in Theoretical Computer Science},
  author={Zhou, Qi and Heath, David and Harris, William},
  year={2019},
  pages={28–41},
}

@article{zhou_heath_harris_2018,
  title={Solving Constrained Horn Clauses Using Dependence-Disjoint Expansions},
  volume={278}, DOI={10.4204/eptcs.278.3},
  journal={Electronic Proceedings in Theoretical Computer Science},
  author={Zhou, Qi and Heath, David and Harris, William},
  year={2018},
  pages={3–18},
}

@misc{symphony,
  author = "David Darais and David Heath and Ryan Estes and William Harris and Michael Hicks",
  title = "{$\lambda$-Symphony}: A Concise Language Model for {MPC}",
}

@misc{visa,
  author = "Yibin Yang and David Heath and Stanislav Peceny and Vladimir Kolesnikov",
  title = "Towards Generic {MPC} Compilers via Variable Instruction Set Architectures ({VISAs})",
}

@INPROCEEDINGS{CCS:HK21,
  author =       "David Heath and Vladimir Kolesnikov",
  booktitle =    {ACM CCS 2021},
  title =        "One Hot Garbling",
  month =        {November},
  publisher =    ccspub,
  year =         2021,
}

@INPROCEEDINGS{AC:HK21,
  author =       "David Heath and Vladimir Kolesnikov",
  booktitle =    {ASIACRYPT 2021},
  title =        "{PrORAM}: Fast {$O(\log n)$} Private Coin {ZK ORAM}",
  month =        {December},
  publisher =    asiacryptpub,
  series =       mylncs,
  year =         2021,
}

@INPROCEEDINGS{AC:HKP21,
  author =       "David Heath and Vladimir Kolesnikov and Stanislav Peceny",
  booktitle =    {ASIACRYPT 2021},
  title =        "Garbling, Stacked and Staggered",
  month =        {December},
  publisher =    asiacryptpub,
  series =       mylncs,
  year =         2021,
}

@INPROCEEDINGS {CLS:Heath2021,
author = {David Heath},
booktitle = {Georgia Tech Cybersecurity Lecture Series},
title = {Zero-Knowledge for Everything and Everyone},
year = {2021},
volume = {},
issn = {},
note = {\url{https://scp.cc.gatech.edu/2021/02/05/zero-knowledge-for-everything-and-everyone/}},
month = {February}
}


@inproceedings{HKL21,
	address = {Cham},
	author = {Heath, David and Kolesnikov, Vladimir and Lu, Jiahui},
	booktitle = {Cyber Security Cryptography and Machine Learning},
	editor = {Dolev, Shlomi and Margalit, Oded and Pinkas, Benny and Schwarzmann, Alexander},
	pages = {414--431},
	publisher = {Springer International Publishing},
	title = {Efficient Generic Arithmetic for {KKW}: Practical Linear {MPC}-in-the-Head {NIZK} on Commodity Hardware without Trusted Setup},
	year = {2021}
}


@INPROCEEDINGS{TCC:Heath2021,
  author = {David Heath},
  booktitle = {{TCC} Special in-person Workshop},
  title = {LogStack: Stacked Garbling with {$O(b \log b)$} Computation},
  year = {2021},
  month = {November},
}


@INPROCEEDINGS {CMU:Heath2021,
author = {David Heath},
booktitle = {{CMU} Crypto Reading Group},
title = {Practical Garbled {RAM}},
year = {2021},
volume = {},
issn = {},
month = {December}
}


@INPROCEEDINGS {UMD:Heath2021,
author = {David Heath},
booktitle = {{UMD} Crypto Reading Group},
title = {Practical Garbled {RAM}},
year = {2021},
volume = {},
issn = {},
note = {\url{https://talks.cs.umd.edu/talks/2965}},
month = {December}
}

@INPROCEEDINGS {Stanford:Heath2021_2,
author = {David Heath},
booktitle = {Stanford Security Seminar},
title = {Practical Garbled {RAM}},
year = {2021},
volume = {},
issn = {},
note = {\url{https://crypto.stanford.edu/seclab/sem-21-22/heath.html}},
month = {November}
}



@online {Stanford:Heath2021,
author = {David Heath},
booktitle = {Stanford Security Seminar},
title = {LogStack: Stacked Garbling with {$O(b \log b)$} Computation},
year = {2021},
volume = {},
issn = {},
note = {\url{https://crypto.stanford.edu/seclab/sem-20-21/heath.html}},
month = {May}
}

@INPROCEEDINGS {Stanford:Heath2020,
author = {David Heath},
booktitle = {Stanford Security Seminar},
title = {Stacked Garbling: Garbled Circuit Proportional to Longest Execution Path},
year = {2020},
volume = {},
issn = {},
note = {\url{https://crypto.stanford.edu/seclab/sem-20-21/heath.html}},
month = {September}
}

@INPROCEEDINGS {TPMPC:Heath2022,
author = {David Heath},
booktitle = {Theory and Practice of Multiparty Computation Workshop},
title = {New Directions in Garbled Circuits},
year = {2022},
volume = {},
issn = {},
month = {June},
note = {\url{https://www.youtube.com/watch?v=jOiTfpiLUkA}},
}

@INPROCEEDINGS {NYCrypto:Heath2022,
author = {David Heath},
booktitle = {NY CryptoDay},
title = {Stacked Garbling and MPC with Improved Conditional Branching},
year = {2022},
volume = {},
issn = {},
month = {October},
note = {\url{https://nycryptoday.wordpress.com/2022/09/27/cryptoday-columbia-friday-october-21-2022/}},
}

@INPROCEEDINGS {CharlesRiver:Heath2022,
author = {David Heath},
booktitle = {Charles River Crypto Day},
title = {EpiGRAM: Practical Garbled {RAM}},
year = {2022},
volume = {},
issn = {},
month = {March}
}

@INPROCEEDINGS {Berkeley:Heath2021,
author = {David Heath},
booktitle = {Berkeley Crypto Reading Group},
title = {Practical Garbled {RAM}},
year = {2021},
volume = {},
issn = {},
month = {December}
}

@INPROCEEDINGS {Berkeley:Heath2020,
author = {David Heath},
booktitle = {Berkeley Crypto Reading Group},
title = {Stacked Garbling: Garbled Circuit Proportional to Longest Execution Path},
year = {2020},
volume = {},
issn = {},
month = {August}
}

@INPROCEEDINGS {CLS:Heath2019,
author = {David Heath},
booktitle = {Georgia Tech Cybersecurity Lecture Series},
title = {Efficiently Computing with Private Data},
year = {2019},
volume = {},
issn = {},
note = {\url{https://mediaspace.gatech.edu/media/David+Heath+-+Efficiently+Computing+with+Private+Data/1_8qvvz08r}},
month = {September}
}
